<record><leader>00000cas a22000007a 4500</leader><controlfield tag="001">12220081</controlfield><controlfield tag="008">850701d18321854pauwr ne      0    0eng d</controlfield><datafield ind1=" " ind2=" " tag="010"><subfield code="a">sn 85038471 </subfield></datafield><datafield ind1=" " ind2=" " tag="040"><subfield code="a">NPH</subfield><subfield code="b">eng</subfield><subfield code="c">NPH</subfield><subfield code="d">NPY</subfield><subfield code="d">NPH</subfield><subfield code="d">NPA</subfield><subfield code="d">NPH</subfield><subfield code="d">DLC</subfield><subfield code="d">NPX</subfield><subfield code="d">CNW</subfield><subfield code="d">OCL</subfield><subfield code="d">OCLCQ</subfield><subfield code="d">OCLCF</subfield><subfield code="d">OCLCO</subfield></datafield><datafield ind1=" " ind2=" " tag="042"><subfield code="a">msc</subfield></datafield><datafield ind1=" " ind2=" " tag="043"><subfield code="a">n-us-pa</subfield></datafield><datafield ind1="0" ind2="0" tag="050"><subfield code="a">Newspaper 9541</subfield></datafield><datafield ind1="0" ind2=" " tag="130"><subfield code="a">Pennsylvanian (Philadelphia, Pa. : 1832 : Weekly)</subfield></datafield><datafield ind1="1" ind2="4" tag="245"><subfield code="a">The Pennsylvanian.</subfield></datafield><datafield ind1=" " ind2=" " tag="260"><subfield code="a">Philadelphia [Pa.] :</subfield><subfield code="b">Mifflin &amp; Parry,</subfield><subfield code="c">-1854.</subfield></datafield><datafield ind1=" " ind2=" " tag="300"><subfield code="a">v. :</subfield><subfield code="b">ill. (chiefly advertisements) ;</subfield><subfield code="c">60 cm.</subfield></datafield><datafield ind1=" " ind2=" " tag="310"><subfield code="a">Weekly</subfield></datafield><datafield ind1="0" ind2=" " tag="362"><subfield code="a">-v. 22, no. 47 (Nov. 25, 1854).</subfield></datafield><datafield ind1="1" ind2=" " tag="362"><subfield code="a">Began with July 9, 1832 issue.</subfield><subfield code="z">Cf. W.P.A. Checklist of Phila. newspapers, 2nd ed.</subfield></datafield><datafield ind1=" " ind2=" " tag="500"><subfield code="a">"Democratic."</subfield></datafield><datafield ind1=" " ind2=" " tag="500"><subfield code="a">Publisher varies.</subfield></datafield><datafield ind1=" " ind2=" " tag="515"><subfield code="a">Numbering is irregular.</subfield></datafield><datafield ind1=" " ind2=" " tag="580"><subfield code="a">Daily ed.: Pennsylvanian (Philadelphia, Pa. : 1832).</subfield></datafield><datafield ind1=" " ind2=" " tag="580"><subfield code="a">Triweekly ed.: Pennsylvanian (Philadelphia, Pa. : Triweekly).</subfield></datafield><datafield ind1=" " ind2=" " tag="588"><subfield code="a">Description based on: Vol. 1, no. 75 (Jan. 5, 1832 [i.e. 1833]).</subfield></datafield><datafield ind1=" " ind2="0" tag="651"><subfield code="a">Philadelphia (Pa.)</subfield><subfield code="v">Newspapers.</subfield></datafield><datafield ind1=" " ind2="7" tag="655"><subfield code="a">Newspapers.</subfield><subfield code="2">fast</subfield><subfield code="0">(OCoLC)fst01423814</subfield></datafield><datafield ind1=" " ind2="7" tag="651"><subfield code="a">Pennsylvania</subfield><subfield code="z">Philadelphia.</subfield><subfield code="2">fast</subfield><subfield code="0">(OCoLC)fst01204170</subfield></datafield><datafield ind1=" " ind2=" " tag="752"><subfield code="a">United States</subfield><subfield code="b">Pennsylvania</subfield><subfield code="c">Philadelphia</subfield><subfield code="d">Philadelphia.</subfield></datafield><datafield ind1="1" ind2=" " tag="775"><subfield code="t">Pennsylvanian (Philadelphia, Pa. : 1832)</subfield><subfield code="w">(DLC)sn 85054325</subfield></datafield><datafield ind1="1" ind2=" " tag="775"><subfield code="t">Pennsylvanian (Philadelphia, Pa. : Triweekly)</subfield><subfield code="w">(DLC)sn 85038470</subfield><subfield code="w">(OCoLC)12219898</subfield></datafield><datafield ind1="0" ind2="0" tag="785"><subfield code="t">Dollar weekly Pennsylvanian</subfield><subfield code="w">(DLC)sn 84026069</subfield><subfield code="w">(OCoLC)10267827</subfield></datafield></record>